../templates/MEDIMA-template/refs.bib