@ARTICLE{srexptime,
author = {Rack, Alexander and Stroebel, Johannes and Rack, Tatjana and Dabin, Yves and Knabe, Christine and Stiller, Michael and Coan, Paola and Bleuet, Pierre},
year = {2020},
month = {04},
pages = {11},
title = {TomoPress-In Situ Synchrotron-Based Microtomography under Axial Load},
volume = {4},
journal = {Instruments},
doi = {10.3390/instruments4020011}
}
@ARTICLE{srnoise,
author = {F. P. Vidal and J. M. LÃ©tang and G. Peix and P. Cloetens},
year = {2005},
month = Jun,
pages = {333-348},
title = {Investigation of artefact sources in synchrotron microtomography via virtual X-ray imaging},
volume = {234},
journal = {Nuclear Instruments and Methods in Physics Research B},
doi = {10.1016/j.nimb.2005.02.003}
}
